@inproceedings{litwin80,
  author = {Witold Litwin},
  title = {Linear hashing: a new tool for file and table addressing},
  booktitle = {VLDB '1980: Proceedings of the sixth international conference on Very Large Data Bases},
  year = {1980},
  pages = {212--223},
  location = {Montreal, Quebec, Canada},
  publisher = {VLDB Endowment},
}

@phdthesis{tridge:thesis,
  author = "Andrew Tridgell",
  title = "Efficient Algorithms for Sorting and Synchronization",
  year = "1999",
  url = "\url{citeseer.ist.psu.edu/tridgell00efficient.html}",
  school = "The Australian National University"
}

@techreport{tridge:96,
  author = "Andrew Tridgell and Paul Mackerras",
  title = "The rsync algorithm",
  institution = "The Australian National University",
  year = "1996",
  url = "\url{http://cs.anu.edu.au/techreports/1996/FTR-CS-96-05.pdf}"
}

@misc{rsnapshot,
  author = "Nathan Rosenquist and David Cantrell and others",
  title = "rsnapshot",
  note = "\url{http://www.rsnapshot.org/}"
}

@misc{rdiff-backup,
  author = "Ben Escoto",
  title = "rdiff-backup",
  note = "\url{http://www.nongnu.org/rdiff-backup/}"
}

@inproceedings{elephant,
  author = {Douglas J. Santry and Michael J. Feeley and Norman C. Hutchinson and Alistair C. Veitch},
  title = {Elephant: The File System that Never Forgets},
  booktitle = {HOTOS '99: Proceedings of the The Seventh Workshop on Hot Topics in Operating Systems},
  year = {1999},
  isbn = {0-7695-0237-7},
  pages = {2},
  publisher = {IEEE Computer Society},
  address = {Washington, DC, USA},
}

@inproceedings{elephant-sosp,
  author = {Douglas S. Santry and Michael J. Feeley and Norman C. Hutchinson and Alistair C. Veitch and Ross W. Carton and Jacob Ofir},
  title = {Deciding when to forget in the Elephant file system},
  booktitle = {SOSP '99: Proceedings of the seventeenth ACM symposium on Operating systems principles},
  year = {1999},
  isbn = {1-58113-140-2},
  pages = {110--123},
  location = {Charleston, South Carolina, United States},
  doi = {http://doi.acm.org/10.1145/319151.319159},
  publisher = {ACM},
  address = {New York, NY, USA},
}

@inproceedings{quinlan02venti,
  author = "S. Quinlan and S. Dorward",
  title = "Venti: a new approach to archival storage",
  booktitle = "First USENIX conference on File and Storage Technologies",
  address = "Monterey, CA",
  year = "2002",
  url = "citeseer.ist.psu.edu/article/quinlan02venti.html"
}

@inproceedings{lbfs:sosp01,
  title = {A Low-bandwidth Network File System},
  author = {Athicha Muthitacharoen and Benjie Chen and David Mazi{\`e}res},
  booktitle = {Proceedings of the 18th {ACM} {S}ymposium on {O}perating {S}ystems {P}rinciples ({SOSP} '01)},
  year = {2001},
  month = {October},
  address = {Chateau Lake Louise, Banff, Canada},
  pages = {174--187},
}

@inproceedings{ivy:osdi02,
  title = {Ivy: A Read/Write Peer-to-peer File System},
  author = {Athicha Muthitacharoen and Robert Morris and Thomer Gil and Benjie
Chen},
  booktitle = {Proceedings of the 5th {USENIX} {S}ymposium on {O}perating {S}ystems {D}esign and {I}mplementation ({OSDI} '02)},
  year = {2002},
  month = {December},
  address = {Boston, Massachusetts},
}

@misc{gitstuff,
  title = {Git for computer scientists},
  author = {Tommi Virtanen},
  note = {Web page. \url{http://eagain.net/articles/git-for-computer-scientists/}}
}

@misc{git08wiegley,
  title = {Git from the bottom up},
  author = {John Wiegley},
  month = {May},
  year = {2008},
  note = {\url{http://www.newartisans.com/blog_assets/git.from.bottom.up.pdf}}
}

@inproceedings{henson06chunkfs,
  title = {Chunkfs: using divide-and-conquer to improve file system reliability and repair},
  author = {Val Henson and Arjan van de Ven and Amit Gud and Zach Brown},
  booktitle = {Proceedings of the Second Workshop on Hot Topics in System Dependability ({HotDep} '06)},
  year = {2006},
  month = {November},
  address = {Seattle, WA}
}

@misc{librsync,
  title = {\texttt{librsync}},
  author = {Martin Pool and Donovan Baarda},
  note = {\url{http://librsync.sourceforge.net/}}
}

@inproceedings{shark:ndsi05,
  author = {Siddhartha Annapureddy and Michael J. Freedman and David Mazi\`{e}res},
  title = {Shark: scaling file servers via cooperative caching},
  booktitle = {NSDI'05: Proceedings of the 2nd conference on Symposium on Networked Systems Design \& Implementation},
  year = {2005},
  pages = {129--142},
  publisher = {USENIX Association},
  address = {Berkeley, CA, USA},
}

@misc{linux:kernel,
  author = {Linus Torvalds and others},
  title = {{The Linux Kernel}},
  note = {\url{http://www.kernel.org/}}
}